%YAML 1.1
%TAG !u! tag:unity3d.com,2011:
--- !u!1001 &100100000
Prefab:
  m_ObjectHideFlags: 1
  serializedVersion: 2
  m_Modification:
    m_TransformParent: {fileID: 0}
    m_Modifications: []
    m_RemovedComponents: []
  m_SourcePrefab: {fileID: 0}
  m_RootGameObject: {fileID: 1742487289372088}
  m_IsPrefabAsset: 1
--- !u!1 &1742487289372088
GameObject:
  m_ObjectHideFlags: 0
  m_CorrespondingSourceObject: {fileID: 0}
  m_PrefabInternal: {fileID: 100100000}
  serializedVersion: 6
  m_Component:
  - component: {fileID: 4454033927385738}
  - component: {fileID: 212597727029590518}
  - component: {fileID: 61440126265078516}
  - component: {fileID: 114130005548327396}
  - component: {fileID: 114929200588182482}
  - component: {fileID: 114736958853142038}
  m_Layer: 0
  m_Name: greataxe
  m_TagString: Untagged
  m_Icon: {fileID: 0}
  m_NavMeshLayer: 0
  m_StaticEditorFlags: 0
  m_IsActive: 1
--- !u!4 &4454033927385738
Transform:
  m_ObjectHideFlags: 1
  m_CorrespondingSourceObject: {fileID: 0}
  m_PrefabInternal: {fileID: 100100000}
  m_GameObject: {fileID: 1742487289372088}
  m_LocalRotation: {x: 0, y: 0, z: 0, w: 1}
  m_LocalPosition: {x: 0, y: 0, z: 0}
  m_LocalScale: {x: 1, y: 1, z: 1}
  m_Children: []
  m_Father: {fileID: 0}
  m_RootOrder: 0
  m_LocalEulerAnglesHint: {x: 0, y: 0, z: 0}
--- !u!61 &61440126265078516
BoxCollider2D:
  m_ObjectHideFlags: 1
  m_CorrespondingSourceObject: {fileID: 0}
  m_PrefabInternal: {fileID: 100100000}
  m_GameObject: {fileID: 1742487289372088}
  m_Enabled: 1
  m_Density: 1
  m_Material: {fileID: 0}
  m_IsTrigger: 0
  m_UsedByEffector: 0
  m_UsedByComposite: 0
  m_Offset: {x: 0, y: 0}
  m_SpriteTilingProperty:
    border: {x: 0, y: 0, z: 0, w: 0}
    pivot: {x: 0.5, y: 0.5}
    oldSize: {x: 0.37666667, y: 0.69}
    newSize: {x: 0.37666667, y: 0.69}
    adaptiveTilingThreshold: 0.5
    drawMode: 0
    adaptiveTiling: 0
  m_AutoTiling: 0
  serializedVersion: 2
  m_Size: {x: 0.37666667, y: 0.69}
  m_EdgeRadius: 0
--- !u!114 &114130005548327396
MonoBehaviour:
  m_ObjectHideFlags: 1
  m_CorrespondingSourceObject: {fileID: 0}
  m_PrefabInternal: {fileID: 100100000}
  m_GameObject: {fileID: 1742487289372088}
  m_Enabled: 1
  m_EditorHideFlags: 0
  m_Script: {fileID: 11500000, guid: ea52951d462c44f92a766b9a051ef320, type: 3}
  m_Name: 
  m_EditorClassIdentifier: 
  prefabId: 61
  active: 1
  hasDialog: 0
  scalable: 0
  freePlace: 0
  genericName: 
  varyColor: 0
  minColor: {r: 0, g: 0, b: 0, a: 1}
  maxColor: {r: 1, g: 1, b: 1, a: 1}
  hp: 10
  hpMax: 10
  isContainer: 0
  contents: []
  startingContents: []
  contentsTransform: {fileID: 0}
  individualWeight: 112
  value: 30
  stacks: 0
  quantity: 1
  armorClass: 11
  slot: 4
  attachLocation: {x: 0, y: 0}
  numDamageDice: 1
  damageDiceSize: 12
  damageType: 11
  type: 2
  range: 0
  longRange: 0
  finesse: 0
  heavy: 1
  light: 0
  loading: 0
  reach: 0
  thrown: 0
  twoHanded: 1
  versatile: 0
  versatileDiceSize: 0
  proficencyName: 
--- !u!114 &114736958853142038
MonoBehaviour:
  m_ObjectHideFlags: 1
  m_CorrespondingSourceObject: {fileID: 0}
  m_PrefabInternal: {fileID: 100100000}
  m_GameObject: {fileID: 1742487289372088}
  m_Enabled: 0
  m_EditorHideFlags: 0
  m_Script: {fileID: 11500000, guid: ed7b894719cc9b845ad57b16cb65f1f8, type: 3}
  m_Name: 
  m_EditorClassIdentifier: 
  outlineMaterial: {fileID: 0}
  outlineSize: 1
  outlineBlur: 0
  outlineColor: {r: 1, g: 1, b: 1, a: 1}
  includeChildren: 0
  childLayers:
    serializedVersion: 2
    m_Bits: 1
  childrenOverlap: 0
  generatesOnStart: 0
  isAnimated: 0
  isIsometric: 0
--- !u!114 &114929200588182482
MonoBehaviour:
  m_ObjectHideFlags: 1
  m_CorrespondingSourceObject: {fileID: 0}
  m_PrefabInternal: {fileID: 100100000}
  m_GameObject: {fileID: 1742487289372088}
  m_Enabled: 1
  m_EditorHideFlags: 0
  m_Script: {fileID: 11500000, guid: 2df3ac53d38764994bd711a1e5cc7fe5, type: 3}
  m_Name: 
  m_EditorClassIdentifier: 
--- !u!212 &212597727029590518
SpriteRenderer:
  m_ObjectHideFlags: 1
  m_CorrespondingSourceObject: {fileID: 0}
  m_PrefabInternal: {fileID: 100100000}
  m_GameObject: {fileID: 1742487289372088}
  m_Enabled: 1
  m_CastShadows: 0
  m_ReceiveShadows: 0
  m_DynamicOccludee: 1
  m_MotionVectors: 1
  m_LightProbeUsage: 1
  m_ReflectionProbeUsage: 1
  m_RenderingLayerMask: 4294967295
  m_Materials:
  - {fileID: 10754, guid: 0000000000000000f000000000000000, type: 0}
  m_StaticBatchInfo:
    firstSubMesh: 0
    subMeshCount: 0
  m_StaticBatchRoot: {fileID: 0}
  m_ProbeAnchor: {fileID: 0}
  m_LightProbeVolumeOverride: {fileID: 0}
  m_ScaleInLightmap: 1
  m_PreserveUVs: 0
  m_IgnoreNormalsForChartDetection: 0
  m_ImportantGI: 0
  m_StitchLightmapSeams: 0
  m_SelectedEditorRenderState: 0
  m_MinimumChartSize: 4
  m_AutoUVMaxDistance: 0.5
  m_AutoUVMaxAngle: 89
  m_LightmapParameters: {fileID: 0}
  m_SortingLayerID: -869253927
  m_SortingLayer: 1
  m_SortingOrder: 0
  m_Sprite: {fileID: 21300000, guid: 3e13a93930efe4c58bf06e5b45b2a41c, type: 3}
  m_Color: {r: 1, g: 1, b: 1, a: 1}
  m_FlipX: 0
  m_FlipY: 0
  m_DrawMode: 0
  m_Size: {x: 0.37666667, y: 0.69}
  m_AdaptiveModeThreshold: 0.5
  m_SpriteTileMode: 0
  m_WasSpriteAssigned: 1
  m_MaskInteraction: 0
  m_SpriteSortPoint: 0
